@misc{intro,
    title="A study of Bayesian Neural Networks",
    author="Vikram Mullarchery and Aniruddh Khera and Amir Husain",
    year=2018,
    url="https://arxiv.org/ftp/arxiv/papers/1801/1801.07710.pdf",
}

@misc{edward,
    title="Edward: A probabilistic programming language in TensorFlow. Deep generative models, variational inference.",
    author="David Blei et al.",
    year=2018,
    url="https://github.com/blei-lab/edward",
}

@misc{tutorial,
    title="Edward Tutorial: Bayesian Neural Network",
    author="David Blei et al.",
    year=2018,
    url="http://edwardlib.org/tutorials/bayesian-neural-network",
}

@misc{bayes_dropout,
    title="What My Deep Model Doesn't Know...",
    author="Yarin Gal",
    year=2015,
    url="http://mlg.eng.cam.ac.uk/yarin/blog_3d801aa532c1ce.html",
}

@misc{neal,
    title="BAYESIAN LEARNING FOR NEURAL NETWORKS",
    author="Radford Neal",
    year=1995,
    url="https://www.cs.toronto.edu/~radford/ftp/thesis.pdf",
}

@misc{code,
    title="A toy Bayesian neural network example",
    author="Evan Hubinger",
    year=2018,
    url="https://github.com/evhub/bayesian-nn-example",
}

@misc{klpq,
    title="Edward API Reference: Class KLpq",
    author="David Blei et al.",
    year=2018,
    url="http://edwardlib.org/api/ed/KLpq",
}
